2850 4800
569 418 795 476 arausica
855 385 860 390 ”
1165 412 1234 490 aaz
1348 453 1350 464 .

137 602 206 657 tem
220 580 388 681 pristinam
401 559 491 666 suani
506 586 644 682 figuram
657 605 830 687 nunquam
844 580 936 656 fere'
925 581 1044 655 iteruin
1057 553 1237 736 acquirunt,
1264 602 1267 606 ’

137 686 193 758 sed
210 686 324 834 rugosa
340 705 372 759 et
387 687 490 783 crispa
502 705 717 783 permanent
783 691 789 706 ’
823 699 828 706 ’

138 870 228 970 Obs
227 898 304 954 arii
330 872 479 973 Quosb.
496 871 662 945 Ocdariis
653 895 688 941 in
701 868 802 944 Flora
815 871 945 945 Danica
966 869 1059 943 Tab.
1079 883 1164 958 771'.
1170 869 1239 972 sig.
1359 954 1360 961 Ρ

343 999 376 1049 a
404 974 561 1047 delineari
575 976 700 1046 curauit
715 974 795 1071 pili,
836 976 935 1045 eriam
958 973 1034 1043 huie
1052 959 1240 1042 Conseruae
1287 1001 1297 1008 ·

288 1137 291 1142 .
340 1077 460 1173 partini
477 1076 519 1145 ad
536 1077 706 1174 genicula,
750 1073 867 1191 partini
887 1077 927 1146 ad
943 1073 1093 1162 articulos
1110 1066 1239 1166 copiose

337 1178 527 1261 insidentes,
542 1201 761 1280 quorumque
763 1198 965 1249 mentionem
972 1172 1058 1245 leti
1049 1198 1085 1243 in
1098 1171 1240 1267 descrip-

341 1269 485 1351 tionel.
504 1303 534 1347 c.
559 1303 625 1349 non
647 1277 722 1349 sunt
743 1283 832 1374 parts
835 1303 848 1348 s
816 1278 946 1348 hurc
961 1270 1147 1347 Conseruae
1163 1300 1241 1369 pro
1294 1359 1296 1372 ,

339 1379 447 1479 prise,
480 1379 533 1451 sed
549 1381 675 1451 alienae
688 1401 720 1458 et
735 1371 914 1451 accessoria.
966 1375 1049 1448 Sunt
1065 1372 1187 1444 scilicet
1201 1397 1240 1445 ea

258 1501 279 1510 ”
340 1477 472 1576 corpora
487 1481 652 1577 spiculosa,
666 1481 840 1576 pellucido,
856 1482 941 1576 pilos
958 1474 1145 1574 referentia(
1155 1496 1244 1572 quae
1364 1515 1369 1524 ·

337 1583 488 1685 pluribus
505 1583 577 1653 aliis
594 1585 692 1657 etiam
700 1579 875 1655 Conseruis
885 1582 1106 1652 adhaerente
1094 1571 1239 1672 tPolypi
1329 1625 1332 1630 -

221 1737 228 1766 ,
342 1669 482 1784 speciem
504 1702 614 1790 puto,
642 1708 828 1784 quorum
804 1685 1010 1755 mentionem
1029 1676 1113 1750 iufra
1132 1680 1240 1749 adhuc
1351 1769 1360 1784 Ἰ

141 1845 143 1852 ,
231 1789 232 1794 ’
306 1773 477 1855 faciam.

242 1916 463 1993 Conserua
484 1918 714 2015 capillaria
737 1915 806 2000 filis
827 1862 1048 2012 simplicibus,
1074 1881 1240 2003 teretibus
1344 1921 1346 1924 ’
1392 1949 1394 1970 .

120 2020 353 2120 geniculatis:
380 2021 538 2117 geniculis
554 2022 750 2103 linearibus,
777 2018 980 2101 tenuissimis,
1006 2034 1162 2115 utrinque
1175 2015 1241 2090 sas

13 2135 17 2140 “
49 2199 58 2212 ,.
139 2121 287 2194 ciafusca
303 2122 496 2206 obuallaris;
534 2119 677 2192 articulis
694 2122 902 2220 oblongis,
901 2119 1114 2191 subobscuris

241 2244 284 2317 C.
305 2244 369 2315 silis
394 2245 587 2341 geniculatis
622 2243 840 2339 simplicibus.
886 2243 1029 2313 articulis
1055 2244 1240 2316 alternatim

141 2343 337 2449 compressis.
375 2350 470 2428 Lino
487 2342 575 2459 Syll.
598 2348 722 2445 Veget.
711 2372 774 2442 ..p
765 2365 878 2435 .973.
905 2341 992 2442 Syst
1010 2344 1120 2418 Plaut.
1137 2343 1241 2426 Τοιιι
1281 2406 1299 2439 „⁴

139 2449 207 2525 IV.
198 2475 297 2547 .pag
316 2470 398 2541 591.

37 2616 38 2621 ι
244 2570 275 2646 C
290 2570 465 2642 filamentis
482 2570 589 2669 longis
606 2568 798 2668 geniculat1s
814 2506 1025 2665 simplicibus.
1052 2568 1135 2642 Dill
1153 2562 1241 2644 His.

135 2674 253 2781 Musa.
244 2701 306 2789 ,Ρ
325 2695 383 2766 25.
411 2671 503 2745 Tab.
524 2695 556 2765 5.
572 2671 628 2771 fig.
646 2695 710 2764 25.
721 2672 774 2759 Β.
989 2705 993 2709 ·

243 2797 316 2870 Fila
331 2796 449 2893 longa,
488 2795 663 2891 simplicia,
703 2794 915 2867 'diueilimocle
931 2810 964 2864 et
975 2792 1056 2868 laxe
1064 2790 1186 2869 inflexa
1209 2813 1243 2871 et
1333 2796 1336 2804 ⁴

145 2919 295 2982 curuata,
324 2899 453 2985 teretia,·
481 2897 663 2992 capillaria,
697 2898 842 2981 tenacia,
866 2889 1001 2993 juniora
1020 2894 1193 2968 sordide
1160 2924 1243 2969 viri
1270 2954 1278 2971 ,

144 2999 322 3085 delcentia,
366 2997 527 3070 adultiora
550 2994 669 3067 susco-
652 3000 753 3070 -vioi
757 3023 843 3069 acea.
897 2997 1047 3070 Gemina
1060 2999 1243 3085 annulata,

143 3098 298 3216 linearia,
335 3110 402 3170 non
417 3098 608 3181 eleuata,
599 3125 633 3167 in
644 3093 771 3196 juniori
761 3095 864 3169 flatu
878 3100 947 3196 pell
919 3098 1043 3169 llucida
1060 3118 1091 3171 et
1104 3101 1243 3172 euiden-

144 3206 248 3284 uota,
285 3202 319 3272 in
338 3199 496 3272 adultiore
510 3218 618 3271 autem
637 3199 732 3272 fascia
746 3201 909 3297 vtrinque
918 3199 1050 3273 obscura
1063 3196 1257 3287 obnallata5
1363 3204 1366 3219 '

20 3390 25 3397 .
143 3304 223 3409 hinc
245 3300 443 3373 subobscura
460 3310 492 3373 et
515 3303 624 3370 minus
646 3299 884 3403 dillinguentla.
935 3300 1073 3376 Ar'ticiili
1091 3304 1240 3401 oblongi,

122 3408 124 3415 '
144 3407 181 3476 in
188 3396 322 3501 juniore
336 3401 415 3473 flatu
431 3403 605 3498 pellucidi,
639 3405 676 3473 in
689 3404 847 3473 adultiora
861 3423 968 3475 autem
985 3404 1060 3474 hinc
1076 3404 1154 3476 iride
1169 3422 1241 3476 tan·

6 3538 11 3549 ι
83 3580 94 3587 ‚
145 3522 215 3576 tum
234 3505 464 3601 subpellucidi‚
479 3505 586 3575 intus
602 3505 740 3575 maculis
756 3504 895 3575 obscuris
917 3525 948 3579 et
962 3506 1107 3602 granulis
1128 3503 1242 3578 subro-

144 3608 274 3690 tundis,
301 3610 443 3678 maxima
459 3608 604 3700 exparte
623 3607 795 3702 pellucidis
811 3624 845 3678 et
865 3603 1080 3704 crystallinis,
1106 3607 1243 3706 copiosis

68 3765 75 3770 .
144 3722 180 3780 et
193 3711 372 3817 aggregatis
389 3707 538 3804 adsperfi.
1008 3736 1017 3749 ’
1278 3732 1284 3741 “

247 3833 365 3902 Siccota
379 3830 522 3902 euadunt
536 3829 738 3920 obscuriora,
776 3827 960 3903 alternatim
977 3831 1174 3927 compressa,
1205 3833 1258 3906 inv

27 4014 29 4019 X
144 3953 232 4025 aqua
242 3955 345 4001 vuius
359 3931 582 4015 reuiuiscentia
601 3931 758 4030 suamque
770 3931 935 4031 pristinam
957 3948 1089 4005 teretem
1102 3933 1243 4039 figuiaiii

144 4032 263 4141 iteruin
286 4035 509 4135 recuperanda
530 4052 563 4113 et
584 4034 711 4114 chartae
733 4036 791 4119 vet
812 4036 899 4119 viiio
920 4037 1031 4113 miuus
1052 4033 1244 4271 111111111Ρεί11,
1301 4046 1305 4059 “
1403 4064 1420 4119 ·,

1201 4161 1240 4213 ιι
1328 4169 1331 4173 ·
