2850 4800
152 425 264 526 ,83
331 449 334 460 '
430 465 557 519 crass.
585 454 702 518 xxiv.
731 462 1057 523 caracenam.

188 627 279 744 quafi
289 623 490 711 radicantia,
516 611 735 714 ramofilsrrna,
758 630 939 702 densrffime
958 613 1090 712 inflexa,
1116 630 1316 706 vtdilace-

189 727 314 800 ratione
330 748 454 806 tantum
477 730 632 830 distingui
651 753 791 828 queant,
816 756 922 804 ramos
940 732 1136 827 protrudunt
1158 723 1299 804 adscen-

188 829 312 902 dentes
316 830 554 915 erectiuscuIOS,
582 833 804 916 semiunciam,
830 833 878 916 ad
890 832 1053 904 summum
1066 834 1199 902 vnciam
1216 833 1296 904 lon-

113 985 115 988 .
186 935 266 1027 gos,
292 928 534 1004 inframedium
549 934 729 1031 simplices,
756 931 892 1030 superne
916 927 1137 1005 dichotomos.
1161 934 1293 1014 ramulis

95 1037 97 1046 ‘
187 1032 337 1113 alternis,
364 1035 535 1118 breuibus,
562 1034 783 1129 simplicibus,
810 1036 1013 1105 acuminatis
1066 1035 1295 1107 (1001001000-

166 1118 327 1203 ‘unlaria
353 1133 508 1216 linearia,
532 1134 772 1231 subpellucida,
800 1152 831 1205 et
854 1131 976 1205 armato
1001 1136 1095 1205 oculo
1118 1118 1292 1230 paululum

186 1252 347 1303 contracta
351 1254 531 1332 apparent.
583 1234 923 1319 Articuliannulares,
950 1235 1052 1362 duplo
1066 1236 1122 1309 vel
1111 1235 1233 1338 tnplo
1243 1235 1292 1306 la
1314 1318 1318 1321 Α

187 1317 285 1404 liores
304 1337 505 1433 geniculis,
500 1335 646 1410 obscuri.

187 1482 353 1580 Obsero.
368 1485 479 1558 Iunior
493 1488 604 1584 planta
621 1510 640 1558 e
655 1484 842 1585 ferrugineo
856 1439 1014 1570 albicans,
1029 1481 1122 1586 cujus
1136 1507 1217 1556 rann
1208 1485 1291 1557 ad-

386 1586 571 1661 scendentes
580 1590 684 1660 adhuc
701 1588 956 1685 fimplicessunt,
971 1587 1294 1660 babitumexactilli·
1289 1649 1296 1666 ,

386 1714 441 1760 me
456 1686 551 1761 refert
565 1689 737 1762 Pilulariae
747 1688 964 1786 ι0101010000,
982 1691 1113 1762 remotis
1132 1677 1295 1787 globulis.

286 1787 541 1862 Conferna
533 1809 765 1863 intertexta
790 1789 966 1861 filamentis
968 1789 1170 1892 geniculatis
1184 1812 1291 1859 ramo-

183 1890 328 1973 fiffimis,
355 1890 543 1978 tennillimis
557 1891 829 1987 denfillimeque
820 1895 1015 1965 tntertextis:
1042 1891 1201 1985 geniculis
1220 1888 1291 1964 fet-

184 1996 326 2089 rngineis
341 1993 569 2076 annulanbus;
594 1993 747 2067 articulis
751 1994 830 2066 hinc
845 1992 1030 2089 compressis
1044 1991 1288 2089 subpellncidis.
1288 1991 1302 2020 ¹
1335 2015 1338 2024 ’

183 2093 275 2166 Tab.
292 2093 354 2163 Ill.
370 2096 428 2190 fig.
447 2096 482 2166 6.
1366 2165 1369 2170 .

104 2281 114 2292 ,
173 2233 177 2244 ι
267 2194 375 2265 Inter
397 2197 525 2265 Fatum
543 2193 851 2268 Hclmiutltotltonon
883 2191 1010 2312 copiose
1035 2187 1172 2270 occurrit
1206 2195 1287 2266 haec
1415 2189 1416 2206 ¹

181 2295 329 2391 tonstrua
344 2293 525 2390 caespitulis
550 2314 582 2367 et
604 2292 705 2367 stratis
721 2296 933 2367 denfiffime
924 2299 1121 2380 mtertextis,
1147 2293 1288 2393 ferrugi-

182 2406 270 2471 neo·
254 2395 557 2470 -viridescentihus
606 2401 727 2473 Slctuta
750 2400 856 2499 magis
873 2394 961 2470 fusca
982 2396 1094 2515 euadit
1112 2414 1146 2470 et
1158 2396 1288 2468 chartae

182 2498 238 2569 vel
254 2500 343 2569 vitro
364 2499 438 2569 laxe
454 2499 619 2571 adhaeret.
1251 2538 1254 2543 ,

232 2592 458 2674 mumma
478 2596 678 2685 tenuiffima,
708 2601 913 2699 geniculata,
938 2600 1166 2687 tamoliffima,
1190 2599 1286 2672 varie
1313 2672 1330 2695 a,

180 2699 287 2783 flexa,
313 2728 454 2800 quornm
476 2700 649 2799 longitudo
663 2706 707 2774 ob
728 2720 886 2775 texturam
892 2701 1126 2774 denfiffimam
1140 2725 1207 2770 non
1223 2702 1286 2772 rite

180 2801 428 2886 determinanda
440 2800 494 2887 efl,
520 2825 631 2875 tamen
647 2805 784 2875 vnciam
801 2801 955 2875 excedere
970 2802 1137 2877 videntur
1187 2804 1284 2874 Remi

176 2922 214 2974 et
229 2905 348 2976 0000Ιὶ
368 2922 533 2998 patentes,
558 2905 726 2977 dinaricati
744 2922 777 2977 et
790 2888 856 2975 sete
873 2903 996 3003 angulo
1010 2923 1095 2975 recto
1110 2903 1284 3006 egredien-

143 3056 148 3069 ·
179 3021 246 3088 tes,
272 3007 407 3088 alterni,
434 3025 544 3076 tamen
565 3005 684 3102 copiosi
708 3024 741 3077 et
759 3007 995 3101 approximati,
1021 3026 1163 3079 minores
1175 3020 1285 3099 maj
1264 3043 1290 3090 ·.·

167 3108 267 3177 'ribus
282 3059 470 3190 intermisti,
497 3108 715 3203 plerumque
706 3107 852 3190 rncnrui,
878 3108 971 3223 apice
988 3105 1196 3200 limpliciores
1214 3104 1287 3189 Ge-

178 3206 278 3278 marala
292 3209 480 3290 annularia,
498 3205 697 3307 ferruginea,
711 3205 859 3289 obscura,
873 3210 933 3279 vix
947 3198 1119 3302 ¹paululum
1140 3205 1280 3278 eleuata.

141 3313 146 3331 '
176 3298 315 3386 Articuli
340 3308 573 3404 subpellucidi,
608 3307 834 3403 splendentes,
868 3308 970 3381 altero
1003 3309 1102 3379 latere
1129 3303 1283 3377 subcom-
1346 3351 1351 3357 -

96 3476 101 3495 ,
176 3410 273 3507 pressl
297 3433 435 3505 eamque
449 3412 495 3481 ob
514 3408 644 3482 causam
654 3410 837 3483 filamenta
833 3428 972 3480 armato
982 3409 1077 3481 oculo
1096 3407 1290 3481 alternatim-

177 3511 320 3588 absolete
335 3512 535 3583 tuberculata
554 3529 586 3584 et
601 3509 744 3582 flexuosa
758 3526 926 3606 apparent.

178 3643 341 3762 Obstru
367 3661 423 3734 Ne
445 3658 696 3738 confundatur
685 3687 759 3734 eum
780 3648 989 3734 antecedente
1005 3654 1282 3758 0000000001οῐ-

378 3777 474 3847 nat,a
502 3787 553 3833 cur
544 3764 676 3863 quoad
691 3780 850 3836 texturam
862 3760 1079 3835 densissimam
1102 3765 1209 3933 prifmo
1226 3752 1287 3834 in!

377 3866 462 3935 tuitu
478 3864 591 3936 similis
615 3856 678 3946 est,
705 3865 811 3937 differt
828 3884 934 3933 autem
963 3888 993 3936 t.
1021 3860 1132 3938 (301000
1145 3862 1289 3973 ferrugi-

185 4050 190 4065 .
378 3989 442 4038 neo
459 3966 492 4034 in
509 3963 758 4037 viridescentem
774 3960 949 4061 vergentet
977 3989 1036 4036 nec
1050 3980 1284 4067 atropurpuren

187 4076 190 4079 ’
273 4140 276 4143 ,
359 4072 410 4140 ‘et
432 4067 627 4168 nigricante.
671 4074 706 4138 a}
724 4064 898 4143 totamm·
873 4080 915 4143 tts
941 4068 1161 4151 tenuioribus,
1188 4066 1284 4155 flexi·

185 4166 201 4187 ³
1131 4142 1282 4281 lioribus,
1338 4240 1340 4247 ,
