2850 4800
281 458 283 466 ,
373 439 399 484 ,Β
532 429 797 526 ΒΒΒΒΒΒΒΒ.
873 445 896 490 η
1154 411 1309 507 ms

125 595 305 672 tenacitate
311 545 460 692 quadarn
470 541 624 693 pollent,
649 614 689 668 vt
702 531 742 669 de
757 597 866 674 charta
879 596 937 672 vel
947 598 1054 716 vitro,
1085 600 1139 672 cui
1157 602 1224 672 im.

59 781 85 800 ,‚
121 698 226 812 polita
241 699 315 768 lunt
328 699 408 782 fila
433 700 551 770 iterum
566 697 690 769 soluere
704 699 818 776 finant
892 741 923 798 .'
1020 735 1024 744 »
1293 715 1295 722 1

58 908 61 911 ·
122 870 293 981 Obstru.-
341 881 399 953 Ob
414 884 613 960 tenerrtatenr
631 882 687 952 fila
706 863 864 954 faerllrme
875 883 1065 974 confluunt
1103 877 1223 971 cautas

277 984 434 1078 itaque
456 1009 499 1055 ne
524 986 567 1053 ob
583 977 694 1058 eorum
719 984 951 1055 ΒοΒΓΒΓΒοΒΒΒΒ
971 984 1093 1078 ramosa
1113 1006 1220 1083 putea,

295 1107 407 1179 quae
424 1086 616 1160 accuratiore
635 1085 791 1182 indagine
806 1085 968 1180 srmplicla
984 1075 1069 1159 sun't.
1276 1073 1292 1104 ⁶

221 1218 443 1318 Conferua
471 1227 644 1298 sordida
665 1228 730 1298 filis
751 1211 969 1322 simpliaibus,
1011 1183 1217 1325 geniculatis,
1306 1207 1312 1229 ¹

119 1311 270 1414 ἱΒΗΒΒίΒ,
304 1301 519 1409 tenuissimis:
559 1328 746 1430 geniculis
744 1330 1001 1426 annularibus,
1025 1336 1216 1417 contractis;

120 1432 443 1530 articulitoblongis‚
470 1432 521 1525 pel
523 1429 651 1501 lucidis.
676 1429 769 1499 Ta.b
780 1425 839 1499 ΙΙ.
852 1428 909 1526 fig
928 1454 963 1518 4

40 1621 44 1630 ¹
221 1534 363 1602 Vernali
385 1552 531 1626 ternpore
554 1529 594 1599 ad
600 1532 780 1646 margines
796 1554 952 1625 aquarum
968 1527 1114 1602 dulcium
1130 1518 1216 1636 llag·
1300 1555 1306 1570 ·

119 1636 289 1716 nantium,
326 1636 493 1728 puriorum
505 1633 652 1730 gramina
668 1629 811 1724 aliasque
828 1634 953 1726 plantas
975 1635 1132 1730 aquatiles
1148 1660 1215 1705 nu·

88 1817 92 1826 Ι
120 1739 205 1807 bis
195 1760 231 1805 rn
252 1732 389 1804 formam
413 1732 555 1803 diuersae
569 1733 805 1840 magnitudinis
823 1731 1002 1803 circumdat
1022 1734 1100 1804 haec
1119 1732 1216 1806 Con-

118 1836 227 1918 serua,
262 1833 477 1928 caespitesque
498 1832 591 1926 saepe
606 1832 652 1902 lat
670 1854 827 1928 magnos,
859 1834 1076 1917 inordinatos,
1105 1839 1215 1908 muti
1222 1845 1224 1850 ’

119 1935 301 2035 laginolos‚
341 1935 448 2022 flauo·
458 1930 650 2004 virescentes
666 1951 697 2003 et
714 1932 859 2002 sordibus
872 1932 961 2027 quafi
977 1933 1214 2028 conspurcatos,
1241 1961 1244 1972 ·

49 2041 59 2064 ²
118 2056 234 2114 tamen
246 2038 335 2107 laxos
350 2054 383 2107 et
400 2032 634 2129 transparentes
649 2024 726 2105 sub
719 2056 822 2127 aquae
838 2034 1035 2128 superficiem
1050 2034 1213 2107 efformat.
1241 2055 1243 2062 ’

117 2135 371 2212 Aeflareautem
391 2131 654 2251 stratisnragnis,
687 2133 896 2217 denfiffimis,
931 2134 1054 2217 craffis,
1083 2134 1214 2218 sordido

6 2243 23 2285 l·
117 2241 210 2338 flauis
225 2240 282 2309 vel
291 2263 337 2310 ert
348 2234 436 2308 lusco
451 2237 553 2312 aureis
569 2238 661 2332 aquis
675 2235 802 2312 innatat
817 2233 1100 2332 bullasquea'ereas
1116 2236 1217 2335 saepe
1229 2240 1231 2245 ’

117 2365 253 2440 magnas
270 2340 420 2410 includit.
1227 2414 1229 2417 ⁸

216 2442 288 2514 Filo
302 2438 480 2535 simplicia,
523 2433 657 2510 ctaffitie
677 2408 845 2534 aeqbalia,
888 2434 1071 2510 tenuiffima
1091 2456 1122 2510 et
1144 2439 1217 2509 nii-

118 2492 271 2638 crolcopii
293 2540 459 2634 tompofiti
483 2565 545 2636 ope
567 2560 691 2610 tantum
713 2535 1034 2635 ritedillinguenda,
1078 2539 1214 2613 diuerfi-

118 2646 216 2717 mode
231 2664 262 2716 et
279 2643 381 2713 laxius
397 2641 536 2723 inflexa,
562 2643 757 2737 geniculata.
812 2638 961 2712 Genirtrln
976 2640 1126 2725 linearia,
1149 2665 1213 2712 an·

117 2748 260 2827 nularia,
286 2768 400 2840 parum
416 2761 593 2824 contracta,
624 2740 864 2858 subpelludda
912 2739 1102 2833 Articuliex
1122 2741 1213 2814 ouali
1258 2748 1260 2757 ‘
1315 2760 1317 2766 ’
1385 2788 1388 2797 ·

48 2890 51 2901 =
77 2912 78 2915 ,
117 2848 275 2944 oblongi,
301 2844 477 2940 pellucidi,
503 2844 590 2919 linea
609 2842 843 2914 tenuiobstura
859 2826 1099 2936 circumscripti

81 3020 90 3038 ,
117 2992 123 3001 ·
219 2952 337 3020 Siccatu
354 2947 497 3015 euadunt
513 2943 648 3016 sordide
652 2945 751 3025 alba,
796 2943 851 3014 vel
871 2941 985 3015 aestate
1005 2921 1164 3027 othracea
1179 2957 1215 3014 et

24 3090 26 3093 ·
116 3052 244 3121 chartae
251 3042 322 3119 vel
335 3065 441 3131 vrtro,
483 3047 536 3115 tui
560 3048 605 3116 ob
628 3047 828 3116 teneritatem
846 3044 1048 3125 etlubticam
1063 3043 1212 3125 indolem
1321 3070 1323 3073 ’

93 3190 96 3199 Β
116 3177 211 3275 aegre
225 3168 351 3221 tantum
364 3147 493 3243 imponi
506 3147 631 3230 finunt,
657 3163 743 3217 arcte
757 3146 957 3244 adglutinata
974 3143 1063 3220 ΓΒΒΒ.

6 3362 16 3409 Β
117 3335 282 3434 observ.
308 3331 337 3403 I.
389 3283 523 3425 Sordes,
565 3331 684 3428 quibus
707 3288 1214 3434 vernalitemppreconlputcata

317 3414 502 3506 obseruator
516 3435 596 3503 haec
606 3428 794 3517 conserua,
820 3432 878 3502 sub
892 3414 1103 3526 milroscopio
1119 3454 1213 3501 corn·
1298 3428 1301 3449 '

120 3526 127 3590 ἶ
240 3609 249 3622 ,
281 3535 418 3633 pofito
434 3526 616 3628 pellucidae
631 3551 662 3604 et
680 3535 851 3648 organicae
863 3534 1029 3615 videntur,
1056 3532 1134 3605 hrnc
1146 3530 1214 3602 for
1309 3568 1313 3577 ·

316 3634 397 3710 satan
416 3631 556 3733 ejusdem
578 3638 770 3731 propagines
785 3633 843 3704 vel
864 3633 986 3704 semina
1006 3628 1092 3704 funt.
1143 3633 1214 3802 Alel·
1252 3654 1258 3668 ¹

318 3735 396 3809 state
409 3757 530 3817 autem,
556 3738 615 3805 vbi
634 3755 747 3806 natans
762 3752 794 3806 et
809 3756 976 3830 compacta
991 3751 1135 3831 apparet,
1160 3733 1198 3804 ill
1200 3733 1215 3811 i
1248 3806 1250 3809 .

280 3838 423 3916 sordes
439 3838 616 3947 adhaerent
632 3860 650 3907 a
671 3836 752 3906 limo
768 3833 899 3915 solutae
965 3858 985 3907 ῖ,

41 4072 45 4078 -
118 3945 285 4130 observ,
300 4022 347 4099 ΙΙ.
390 4024 541 4103 lidorum
554 4021 794 4195 longinppoob
796 4020 998 4105 teneritatem
1010 4036 1044 4103 et
1057 4016 1214 4093 flexuram

305 4197 307 4205 1
919 4174 922 4193 ·
1022 4163 1028 4169 ·
1047 4123 1215 4235 vailllffl
